% Encoding: UTF-8

@Misc{algcom,
  author = {Gao Xiaofeng},
  month  = apr,
  title  = {Algorithm \& Complexity Class Lab 06},
  year   = {2021},
  url    = {https://github.com/LogCreative/AlgAndComplexity/blob/master/Lab06/Code-SequenceAlignment.cpp},
}

@Comment{jabref-meta: databaseType:bibtex;}
